<record xmlns="http://www.loc.gov/MARC21/slim" xmlns:xsi="http://www.w3.org/2001/XMLSchema-instance" xsi:schemaLocation="http://www.loc.gov/MARC21/slim http://www.loc.gov/standards/marcxml/schema/MARC21slim.xsd">
<controlfield tag="FMT">SE</controlfield>
<controlfield tag="LDR">00000nas^^22006131a^4500</controlfield>
<controlfield tag="001">002751011</controlfield>
<controlfield tag="005">20100218160740.0</controlfield>
<controlfield tag="008">950410c19039999miuzn1pe^^^^^^0uuua0eng^d</controlfield>
<datafield tag="010" ind1=" " ind2=" ">
<subfield code="a">sn 83009192</subfield>
</datafield>
<datafield tag="022" ind1="1" ind2=" ">
<subfield code="a">0745-967X</subfield>
</datafield>
<datafield tag="032" ind1=" " ind2=" ">
<subfield code="a">344900</subfield>
<subfield code="b">USPS</subfield>
</datafield>
<datafield tag="035" ind1=" " ind2=" ">
<subfield code="a">(RLIN)MIUV93-S0</subfield>
</datafield>
<datafield tag="035" ind1=" " ind2=" ">
<subfield code="a">(OCoLC)9651208</subfield>
</datafield>
<datafield tag="040" ind1=" " ind2=" ">
<subfield code="a">NSDP</subfield>
<subfield code="c">NSDP</subfield>
<subfield code="d">MiU-H</subfield>
</datafield>
<datafield tag="042" ind1=" " ind2=" ">
<subfield code="a">nsdp</subfield>
</datafield>
<datafield tag="222" ind1=" " ind2="4">
<subfield code="a">The Michigan daily</subfield>
</datafield>
<datafield tag="245" ind1="0" ind2="4">
<subfield code="a">The Michigan daily.</subfield>
</datafield>
<datafield tag="260" ind1=" " ind2=" ">
<subfield code="a">Ann Arbor, Mich. :</subfield>
<subfield code="b">Michigan Daily,</subfield>
<subfield code="c">1903-</subfield>
</datafield>
<datafield tag="300" ind1=" " ind2=" ">
<subfield code="a">v. :</subfield>
<subfield code="b">ill. ;</subfield>
<subfield code="c">36-59 cm.</subfield>
</datafield>
<datafield tag="310" ind1=" " ind2=" ">
<subfield code="a">Daily (Monday-Friday, academic year),</subfield>
<subfield code="b">Sept. 5, 1985-</subfield>
</datafield>
<datafield tag="321" ind1=" " ind2=" ">
<subfield code="a">Daily (Tuesday-Sunday),</subfield>
<subfield code="b">Sept. 29, 1903-Apr. 23, 1985</subfield>
</datafield>
<datafield tag="362" ind1=" " ind2=" ">
<subfield code="a">Vol. 14, no. 1 (Sept. 29, 1903)-</subfield>
</datafield>
<datafield tag="500" ind1=" " ind2=" ">
<subfield code="a">Published by the Board in Control of Student Publications, Oct. 2, 1918-Mar. 26, 1937.</subfield>
</datafield>
<datafield tag="530" ind1=" " ind2=" ">
<subfield code="a">Available on microfilm from University of Michigan Library, 1903-1947.</subfield>
</datafield>
<datafield tag="530" ind1=" " ind2=" ">
<subfield code="a">Available on microfilm from UMI, 1940-</subfield>
</datafield>
<datafield tag="550" ind1=" " ind2=" ">
<subfield code="a">"Official newspaper at [or of] the University of Michigan", Oct. 4, 1911-June 1, 1924.</subfield>
</datafield>
<datafield tag="500" ind1=" " ind2=" ">
<subfield code="a">Publication suspends for summer terms: 1903-1909.</subfield>
</datafield>
<datafield tag="580" ind1=" " ind2=" ">
<subfield code="a">J-hop ed. : Michigan daily (Ann Arbor, Mich. : J-hop ed.).</subfield>
</datafield>
<datafield tag="580" ind1=" " ind2=" ">
<subfield code="a">Summer ed. : Wolverine, June 25, 1910-Aug. 23, 1921; Summer Michigan daily, June 16, 1922-Aug. 15, 1931; Michigan daily (Ann Arbor, Mich. : 1932 : Summer), June 27, 1932-Aug. 9, 1985; Michigan daily summer weekly, May 8, 1987-</subfield>
</datafield>
<datafield tag="610" ind1="2" ind2="0">
<subfield code="a">University of Michigan</subfield>
<subfield code="x">Periodicals.</subfield>
</datafield>
<datafield tag="610" ind1="2" ind2="0">
<subfield code="a">University of Michigan</subfield>
<subfield code="x">Students</subfield>
<subfield code="x">Periodicals.</subfield>
</datafield>
<datafield tag="690" ind1=" " ind2="4">
<subfield code="a">Newspapers</subfield>
<subfield code="y">1901-1910</subfield>
<subfield code="z">Michigan</subfield>
<subfield code="z">Ann Arbor.</subfield>
</datafield>
<datafield tag="690" ind1=" " ind2="4">
<subfield code="a">Newspapers</subfield>
<subfield code="y">1911-1920</subfield>
<subfield code="z">Michigan</subfield>
<subfield code="z">Ann Arbor.</subfield>
</datafield>
<datafield tag="690" ind1=" " ind2="4">
<subfield code="a">Newspapers</subfield>
<subfield code="y">1921-1930</subfield>
<subfield code="z">Michigan</subfield>
<subfield code="z">Ann Arbor.</subfield>
</datafield>
<datafield tag="690" ind1=" " ind2="4">
<subfield code="a">Newspapers</subfield>
<subfield code="y">1931-1940</subfield>
<subfield code="z">Michigan</subfield>
<subfield code="z">Ann Arbor.</subfield>
</datafield>
<datafield tag="690" ind1=" " ind2="4">
<subfield code="a">Newspapers</subfield>
<subfield code="y">1941-1950</subfield>
<subfield code="z">Michigan</subfield>
<subfield code="z">Ann Arbor.</subfield>
</datafield>
<datafield tag="690" ind1=" " ind2="4">
<subfield code="a">Newspapers</subfield>
<subfield code="y">1951-1960</subfield>
<subfield code="z">Michigan</subfield>
<subfield code="z">Ann Arbor.</subfield>
</datafield>
<datafield tag="690" ind1=" " ind2="4">
<subfield code="a">Newspapers</subfield>
<subfield code="y">1961-1970</subfield>
<subfield code="z">Michigan</subfield>
<subfield code="z">Ann Arbor.</subfield>
</datafield>
<datafield tag="690" ind1=" " ind2="4">
<subfield code="a">Newspapers</subfield>
<subfield code="y">1971-1980</subfield>
<subfield code="z">Michigan</subfield>
<subfield code="z">Ann Arbor.</subfield>
</datafield>
<datafield tag="690" ind1=" " ind2="4">
<subfield code="a">Newspapers</subfield>
<subfield code="y">1981-1990</subfield>
<subfield code="z">Michigan</subfield>
<subfield code="z">Ann Arbor.</subfield>
</datafield>
<datafield tag="690" ind1=" " ind2="4">
<subfield code="a">Newspapers</subfield>
<subfield code="y">1991-2000</subfield>
<subfield code="z">Michigan</subfield>
<subfield code="z">Ann Arbor.</subfield>
</datafield>
<datafield tag="690" ind1=" " ind2="4">
<subfield code="a">Newspapers</subfield>
<subfield code="y">2001-2010</subfield>
<subfield code="z">Michigan</subfield>
<subfield code="z">Ann Arbor.</subfield>
</datafield>
<datafield tag="710" ind1="2" ind2=" ">
<subfield code="a">University of Michigan.</subfield>
<subfield code="b">Board in Control of Student Publications.</subfield>
</datafield>
<datafield tag="710" ind1="2" ind2=" ">
<subfield code="a">University of Michigan.</subfield>
</datafield>
<datafield tag="752" ind1=" " ind2=" ">
<subfield code="a">United States</subfield>
<subfield code="b">Michigan</subfield>
<subfield code="c">Washtenaw</subfield>
<subfield code="d">Ann Arbor.</subfield>
</datafield>
<datafield tag="770" ind1="0" ind2=" ">
<subfield code="t">Michigan daily Sunday magazine.</subfield>
</datafield>
<datafield tag="772" ind1="0" ind2=" ">
<subfield code="t">Senior law docket</subfield>
<subfield code="w">(DLC)sn 97063198</subfield>
<subfield code="w">(OCoLC) 37682428</subfield>
</datafield>
<datafield tag="775" ind1="1" ind2=" ">
<subfield code="t">Summer Michigan daily</subfield>
<subfield code="w">(DLC)sn 97063394</subfield>
<subfield code="w">(OCoLC) 37682845</subfield>
</datafield>
<datafield tag="775" ind1="1" ind2=" ">
<subfield code="t">Michigan daily (Ann Arbor, Mich. : 1932 : Summer)</subfield>
<subfield code="w">(DLC)sn 97063396</subfield>
<subfield code="w">(OCoLC) 37660492</subfield>
</datafield>
<datafield tag="775" ind1="1" ind2=" ">
<subfield code="t">Michigan daily summer weekly</subfield>
<subfield code="w">(DLC)sn 97063395</subfield>
<subfield code="w">(OCoLC) 37661928</subfield>
</datafield>
<datafield tag="775" ind1="1" ind2=" ">
<subfield code="t">Michigan daily (Ann Arbor, Mich. : J-hop ed.)</subfield>
<subfield code="w">(DLC)sn 97070749</subfield>
<subfield code="w">(OCoLC) 37660771</subfield>
</datafield>
<datafield tag="775" ind1="1" ind2=" ">
<subfield code="t">Wolverine</subfield>
<subfield code="w">(DLC)sn 97063400</subfield>
<subfield code="w">(OCoLC) 37687069</subfield>
</datafield>
<datafield tag="780" ind1="0" ind2="0">
<subfield code="t">U. of M. daily.</subfield>
</datafield>
<datafield tag="998" ind1=" " ind2=" ">
<subfield code="c">LAC</subfield>
<subfield code="s">9110</subfield>
</datafield>
<datafield tag="m01" ind1=" " ind2=" ">
<subfield code="a">XBAPK9318</subfield>
</datafield>
<datafield tag="MDP" ind1=" " ind2=" ">
<subfield code="z">1927 Sept 20 - 1928 Jan 8</subfield>
<subfield code="h">FImu F3g Outsize</subfield>
<subfield code="b">BENT</subfield>
<subfield code="a">39015071755826</subfield>
</datafield>
</record>